Automatically generated by Mendeley 1.3
Any changes to this file will be lost if it is regenerated by Mendeley.

@book{rtdruid,
address = {Pisa - Italy},
author = {Evidence},
booktitle = {Contract},
edition = {1.5.0},
file = {:home/maikel/Escritorio/rtdruid\_refman\_1\_5.0.pdf:pdf},
pages = {1--75},
title = {{RT-Druid Code generator Plugin reference manual}},
year = {2011}
}
@unpublished{ConPerfOptNECS,
address = {Barcelona, Spain},
author = {Mart\'{\i}, Pau and Velasco, Manel and Guardia, Josep and P\'{e}rez, Frederic and Y\'{e}pez, Jos\'{e} and Ayza, Jordi and Vill\`{a}, Ricard and Fuertes, Josep M},
file = {:home/maikel/.local/share/data/Mendeley Ltd./Mendeley Desktop/Downloaded/Mart\'{\i} et al. - Unknown - Control Performance Optimization in Networked Embedded Systems.pdf:pdf},
institution = {Technical University of Catalonia},
title = {{Control Performance Optimization in Networked Embedded Systems}},
url = {http://dcs.upc.es/uploads/publications/a742c252b17b3f0ee935432d733ad7f5.pdf}
}
@techreport{SchAnaCANbasNCS,
address = {Barcelona, Spain},
author = {Velasco, Manel and Fuertes, Josep M and Mart\'{\i}, Pau and Y\'{e}pez, Jos\'{e} and Vill\`{a}, Ricard},
file = {:home/maikel/.local/share/data/Mendeley Ltd./Mendeley Desktop/Downloaded/Velasco et al. - Unknown - Schedulability Analysis for CAN-based Networked Control Systems with Dynamic Bandwidth Management.pdf:pdf},
institution = {UPC},
pages = {8},
title = {{Schedulability Analysis for CAN-based Networked Control Systems with Dynamic Bandwidth Management}},
url = {http://dcs.upc.es/uploads/publications/99baab8fe349dfa6ccbe115eaebe6801.pdf}
}
@book{Bosch1991,
author = {Bosch},
file = {:home/maikel/Descargas/can20.pdf:pdf},
pages = {72},
publisher = {Bosch},
title = {{CAN Specification version 2.0}},
url = {esd.cs.ucr.edu/webres/can20.pdf},
year = {1991}
}
@misc{LiveCD,
keywords = {LiveCD,Ubuntu},
title = {{Live CD de Ubuntu}},
url = {http://www.guia-ubuntu.org/index.php?title=Live\_CD\_de\_Ubuntu}
}
@misc{Wikipedia2012,
author = {Wikipedia},
title = {{RS-232}},
url = {http://en.wikipedia.org/wiki/RS-232},
year = {2012}
}
@techreport{DCSGroup,
address = {BArcelona},
author = {Velasco, Manel and Lozoya, Camilo and Ayza, Jordi},
booktitle = {Control},
file = {:home/maikel/.local/share/data/Mendeley Ltd./Mendeley Desktop/Downloaded/Velasco, Lozoya, Ayza - 2006 - Distributed Control Systems (DCS) Group Activity Report.pdf:pdf},
institution = {Technical University of Catalonia},
keywords = {Distributed Control Systems},
pages = {8},
title = {{Distributed Control Systems (DCS) Group: Activity Report}},
url = {http://dcs.upc.es/uploads/publications/e0f4650d7b0e3e3a1ec1ff14d96e4c8b.pdf},
year = {2006}
}
@incollection{EmbedMatQT4,
author = {Tosi, Sandro},
booktitle = {Matplotlib for Python Developers},
chapter = {6},
file = {:home/maikel/Descargas/7900-matplotlib-for-python-developers-sample-chapter-6-embedding-matplotlib-in-qt-4.pdf:pdf},
isbn = {1847197906},
keywords = {QT4,matplotlib,python},
number = {6},
pages = {308},
publisher = {PACKT},
title = {{Embedding Matplotlib in Qt 4}},
url = {http://www.packtpub.com/sites/default/files/sample\_chapters/7900-matplotlib-for-python-developers-sample-chapter-6-embedding-matplotlib-in-qt-4.pdf?utm\_source=packtpub\&utm\_medium=free\&utm\_campaign=pdf},
year = {2009}
}
@misc{QTReference,
author = {Corporation, Nokia},
title = {{Qt Reference Documentation}},
url = {http://doc.qt.nokia.com/stable/index.html},
year = {2008}
}
@unpublished{CANAppProfConOptNECS,
address = {Barcelona, Spain},
author = {Mart\'{\i}, Pau and Casta\~{n}\'{e}, Rosa and Velasco, Manel and Guardia, Josep and Fuertes, Josep M},
booktitle = {Symposium A Quarterly Journal In Modern Foreign Literatures},
file = {:home/maikel/.local/share/data/Mendeley Ltd./Mendeley Desktop/Downloaded/Mart\'{\i} et al. - 2006 - A CAN Application Profile for Control Optimization in Networked Embedded Systems.pdf:pdf},
institution = {Technical University of Catalonia},
title = {{A CAN Application Profile for Control Optimization in Networked Embedded Systems}},
url = {http://dcs.upc.es/uploads/publications/7f651cbf3f60179d16e8cf255244029c.pdf},
year = {2006}
}
@article{CapaFisicaCAN,
author = {Kaschel, IH},
file = {:home/maikel/.local/share/data/Mendeley Ltd./Mendeley Desktop/Downloaded/Kaschel - Unknown - An\'{a}lisis de la capa f\'{\i}sica del bus de campo can.pdf:pdf},
journal = {cabierta.uchile.cl},
pages = {1--6},
title = {{An\'{a}lisis de la capa f\'{\i}sica del bus de campo can}},
url = {http://cabierta.uchile.cl/revista/25/articulos/pdf/paper1.pdf}
}
@article{MCP2515,
author = {Controller, Stand-alone C A N and Spi, With},
file = {:home/maikel/Escritorio/MCP2515.pdf:pdf},
journal = {Writing},
keywords = {21801,21801F,DS21801,DS21801F,MCP2515,SPI Interface,Stand-alone CAN Controller},
pages = {1--88},
title = {{MCP2515 - Stand-alone CAN Controller With SPI Interface}},
year = {2010}
}
@techreport{NECSDoubInt,
address = {Barcelona, Spain},
author = {Velasco, Manel and Mart\'{\i}, Pau},
file = {:home/maikel/Dropbox/UNI/PFC/laboratori/11SdcPfc/11SDC.pdf:pdf},
institution = {Technical University of Catalonia},
pages = {1--32},
title = {{Networked and Embedded Control Systems (NECS): Double Integrator Control Lab}},
year = {2011}
}
@misc{DataSheetdsPIC33,
author = {{Microchip Technology Inc.}},
booktitle = {High Temperature},
file = {:home/maikel/.local/share/data/Mendeley Ltd./Mendeley Desktop/Downloaded/Microchip Technology Inc. - 2011 - dsPIC33FJXXXMCX06AX08AX10A Data Sheet.pdf:pdf},
isbn = {9781613410165},
keywords = {16-bit,70594,70594A,70594B,70594C,DS,DS70594,DS70594A,DS70594B,DS70594C,DSCs,Data Sheet,Digital Signal Controllers,High-performance,MC,dsPIC33F,dsPIC33FJXXXMCX06A/X08A/X10A},
title = {{dsPIC33FJXXXMCX06A/X08A/X10A Data Sheet}},
url = {http://ww1.microchip.com/downloads/en/DeviceDoc/70287C.pdf},
year = {2011}
}
@unpublished{DesignECSLab,
address = {Barcelona, Spain},
author = {Mart\'{\i}, Pau and Velasco, Manel and Fuertes, Josep M and Camacho, Antonio and Buttazzo, Giorgio},
booktitle = {October},
file = {:home/maikel/.local/share/data/Mendeley Ltd./Mendeley Desktop/Downloaded/Mart\'{\i} et al. - 2010 - Design of an Embedded Control System Laboratory Experiment.pdf:pdf},
institution = {IEEE Transactions on Industrial Electronics},
number = {10},
pages = {3297--3307},
title = {{Design of an Embedded Control System Laboratory Experiment}},
url = {http://dcs.upc.es/uploads/publications/8573d3371e3fef2d4ba592f079e1be90.pdf},
volume = {57},
year = {2010}
}
@article{MCP2551,
author = {Types, Package and Diagram, Block},
file = {:home/maikel/Escritorio/MCP2551.pdf:pdf},
journal = {Technology},
pages = {1--24},
title = {{High-Speed CAN Transceiver MCP2551}},
year = {2010}
}
